<record><leader>00000cas a22000007a 4500</leader><controlfield tag="001">13592399</controlfield><controlfield tag="008">860520d190u1908paudn ne      0    0eng d</controlfield><datafield ind1=" " ind2=" " tag="010"><subfield code="a">sn 86083353 </subfield></datafield><datafield ind1=" " ind2=" " tag="040"><subfield code="a">NPH</subfield><subfield code="b">eng</subfield><subfield code="c">NPH</subfield><subfield code="d">NPX</subfield><subfield code="d">NPH</subfield><subfield code="d">OCLCQ</subfield></datafield><datafield ind1=" " ind2=" " tag="042"><subfield code="a">msc</subfield></datafield><datafield ind1="0" ind2=" " tag="130"><subfield code="a">Daily tribune (Beaver Falls, Pa. : 1903)</subfield></datafield><datafield ind1="1" ind2="4" tag="245"><subfield code="a">The daily tribune.</subfield></datafield><datafield ind1=" " ind2=" " tag="260"><subfield code="a">Beaver Falls, Pa. :</subfield><subfield code="b">Tribune Print. Co.,</subfield><subfield code="c">-1908.</subfield></datafield><datafield ind1=" " ind2=" " tag="300"><subfield code="a">v. :</subfield><subfield code="b">ill. ;</subfield><subfield code="c">55 cm.</subfield></datafield><datafield ind1=" " ind2=" " tag="310"><subfield code="a">Daily (except Sun.)</subfield></datafield><datafield ind1="0" ind2=" " tag="362"><subfield code="a">-Jan. 25, 1908.</subfield></datafield><datafield ind1=" " ind2=" " tag="515"><subfield code="a">Issue for &lt;Sept. 10, 1903&gt; called also &lt;21st year&gt;.</subfield></datafield><datafield ind1=" " ind2=" " tag="588"><subfield code="a">Description based on: Sept. 10, 1903.</subfield></datafield><datafield ind1=" " ind2=" " tag="752"><subfield code="a">United States</subfield><subfield code="b">Pennsylvania</subfield><subfield code="c">Beaver</subfield><subfield code="d">Beaver Falls.</subfield></datafield><datafield ind1="0" ind2=" " tag="775"><subfield code="t">Weekly tribune (Beaver Falls, Pa.)</subfield><subfield code="w">(OCoLC)13682061</subfield></datafield><datafield ind1="0" ind2="0" tag="780"><subfield code="t">Beaver Falls daily tribune</subfield><subfield code="w">(DLC)sn 86083365</subfield><subfield code="w">(OCoLC)13592372</subfield></datafield><datafield ind1="0" ind2="0" tag="785"><subfield code="t">Beaver Falls tribune (Beaver Falls, Pa. : 1908 : Daily)</subfield><subfield code="w">(DLC)sn 86083355</subfield><subfield code="w">(OCoLC)13592506</subfield></datafield></record>